@online{connectUsb,
    howpublished={\url{http://www.ev3dev.org/docs/tutorials/connecting-to-the-internet-via-usb/}}
}

@online{connectBluetooth,
    howpublished={\url{http://www.ev3dev.org/docs/tutorials/connecting-to-the-internet-via-bluetooth/}}
}

@online{connectPhone,
    howpublished={\url{https://github.com/ev3dev/ev3dev.github.io/blob/master/docs/tutorials/connecting-to-the-internet-via-bluetooth.md/}}
}

@online{mqttTutorial,
    howpublished={\url{http://www.ev3dev.org/docs/tutorials/sending-and-receiving-messages-with-mqtt/}}
}

@online{mqtt,
    howpublished={\url{http://www.steves-internet-guide.com/mqtt/}}
}

@online{cppCompile,
    howpublished={\url{http://www.ev3dev.org/docs/tutorials/using-docker-to-cross-compile/}}
}

@online{sdpWiki,
    howpublished={\url{https://wiki.inf.ed.ac.uk/SDP/WebHome}}
}

